@inproceedings{suscipit,
	author = {Diodotus Thais and Xanthe Nikomedes and Prochorus Cleisthenes},
	title = {Lobortis nulla in crisare dolore nisl dolore},
	booktitle = {Suscipit consequat ad in vulputate odio},
	year = {2005},
	isbn = {3-2223-9999-3},
	pages = {500--600},
	publisher = {Erasmus Epaphroditos},
	address = {Port Hollowwarren, Oswalddown},
}

@misc{lorem, 
	Title = {Luptatum facilisis velit delenit crisare ipsum nonummy: http://www.lorem.ipsum},
	Key = {Lorem Ipsum},
	Year = {2007}
}

@techreport{esse,
	address = {Eu odio esse},
	author = {Agrippa Albina},
	institution = {Esse lorem},
	title = {Vulputate blandit molestie, dolore euismod},
	year = {2001}
}

@article{aliquam,
	author = {Marina Tacitus},
	journal = {Vulputate Blandit Aliquam},
	number = {8},
	pages = {6--66},
	title = {Erat suscipit veniam suscipit},
	volume = {4},
	year = {2008}
}

@unpublished{wisi,
	author = {Othniel Melech and Zebadiah Daniel},
	note = {Othniel},
	title = {Te wisi at in at dolore veniam augue praesent},
	year = {2004}
}

